

    
    
@book{loughran:antbook,
    author="Erik Hatcher and Steve Loughran",
    publisher="Manning press",
    title="Java Development With Ant",
    year="2003",
    note="\href{http://manning.com/antbook}{http://manning.com/antbook}"
    }
        

@techreport{ambler:eup,
    author="Scott Ambler",
    title="The Enterprise Unified Process",
    year=2001,
    note="\href{http://www.ronin-intl.com/publications/unifiedProcess.htm}
            {http://www.ronin-intl.com/publications/unifiedProcess.htm}"
    }


@techreport{atstake:webapps,
    title="All applications are not created equal",
    author="AtStake",
    institution="AtStake",
    year=2002,
    note="\href{http://www.atstake.com/research/reports/}{http://www.atstake.com/research/reports/}",
    url="http://www.atstake.com/research/reports/"
    }

@book{bloch:effective-java,
    title="Effective Java",
    author="Joshua Bloch",
    year=2001,
    publisher="Addison-Wesley"}
    
@book{bulka:performance,    
    title="Java Performance and Scalability",
    author="Dov Bulka",
    year=2000,
    publisher="Addison-Wesley"
    }

@techreport{reilly:performance,    
    title="Server Performance and Scalability Killers",
    author="George Reilly",
    year=1999,
    institution="Microsoft",
    note="\href{http://msdn.microsoft.com/library/en-us/dniis/html/tencom.asp}{http://msdn.microsoft.com/library/en-us/dniis/html/tencom.asp}"
    }

@techreport{geiger:dna,    
    title="Top Windows {DNA} Performance Mistakes and How to Prevent Them",
    author="Gary Geiger and Jon Pulsipher",
    institution="Microsoft",
    year  =  2000,
    note="\href{http://msdn.microsoft.com/library/en-us/dndna/html/windnamistakes.asp}{http://msdn.microsoft.com/library/en-us/dndna/html/windnamistakes.asp}"
    }


@phdthesis{fielding:rest,
    author= "Roy Thomas Fielding",
    title = "Architectural Styles and the Design of Network-based Software Architectures",
    year  =  2000,
    school = "University of California",
    type  = "{Ph.D.} dissertation",
    url="http://www.ics.uci.edu/~fielding/pubs/dissertation/top.htm"
    }    
@techreport{foote:mud,    
    title="Big Ball of Mud",
    author="Brian Foote",
    note="\href{http://www.laputan.org/foote/papers.html}{http://www.laputan.org/foote/papers.html}"
    }


@techreport{foote:Spaghetti,    
    title="Escape from the Spaghetti Code Jungle",
    author="Brian Foote",
    note="\href{http://www.laputan.org/talks/escape/default.htm}{http://www.laputan.org/talks/escape/default.htm}"
    }


@techreport{fowler:cruisecontrol,    
    title="Continuous Integration",
    author="Martin Fowler and Matthew Foemmel",
    year=2000,
    note="\href{http://www.martinfowler.com/articles/continuousIntegration.html}{http://www.martinfowler.com/articles/continuousIntegration.html}"
    }
    
@techreport{jakarta:cactus,    
    title="Cactus",
    author="Apache Jakarta Project",
    institution="Apache",    
    note="\href{http://jakarta.apache.org/cactus/}{http://jakarta.apache.org/cactus/}"
    }

@manual{jakarta:ant1.5,    
    title="Ant 1.5",
    author="{Ant Developer Team}",
    key="Ant",
    institution="Apache",
    year=2002,    
    note="\href{http://jakarta.apache.org/ant/}{http://jakarta.apache.org/ant/}"
    }
    
@techreport{javasoft:cookies,
    year=1999,
    title="{Bug ID #4242254: Remove special 'set-cookie' behavior}",
    note="\href{http://developer.java.sun.com/developer/bugParade/bugs/4242254.html}{http://developer.java.sun.com/developer/bugParade/bugs/4242254.html}",
    institution="Sun Microsystems"
    }

@book{krutchen:rup,    
    title="The Rational Unified Process",
    author="Philippe Krutchen",
    publisher="Addison-Wesley" ,
    year="2000"
    }
    
@book{jacobsen:up,
    title="The Unified Software Development Process",
    author="by Ivar Jacobson, Grady Booch, James Rumbaugh",
    year=1999,
    publisher="Addison-Wesley"
    }
    
@book{milner:ccs,
    title="A Calculus of Communicating Systems",
    author="Robin Milner",
    publisher="Springer", 
    year=1980
    }

@inproceedings{indiana:rmiperf, 
    title="Requirements for and Evaluation of {RMI} Protocols for Scientific Computing",
    author="Madhusudhan Govindaraju and others",
    institution="Department of Computer Science Indiana University",
    url="http://www.extreme.indiana.edu/xgws/papers/sc00_paper/index.html",
    year="2000",
    booktitle="Proceedings Supercomputing 2000",
    note="\href{http://www.extreme.indiana.edu/xgws/papers/sc00_paper/index.html}{http://www.extreme.indiana.edu/xgws/papers/sc00_paper/index.html}"
    }

@inproceedings{indiana:soap-limits,
    title="Investigating the Limits of {SOAP} Performance for Scientific Computing",
    author="Kenneth Chiu and Madhusudhan Govindaraju and Randall Bramley",
    booktitle="Proceedings of HPDC 2002",
    year=2002,
    url="http://www.extreme.indiana.edu/xgws/papers/soap-hpdc2002/soap-hpdc2002.pdf"
    }

@misc{ruby:gump,
    title="The {Gump}",
    author="Sam Ruby",
    year=2001,
    url="http://jakarta.apache.org/gump/"
    }
         
@misc{ruby:wsdl1.1guide,
    title="A Busy Developer's Guide to {WSDL 1.1}",
    author="Sam Ruby",
    year=2002,
    url="http://radio.weblogs.com/0101679/stories/2002/02/15/aBusyDevelopersGuideToWsdl11.html"
    }

@misc{ruby:soap-intro,
    title="A Gentle Introduction to {SOAP}",
    author="Sam Ruby",
    year=2002,
    url="http://radio.weblogs.com/0101679/stories/2002/03/16/aGentleIntroductionToSoap.html"
    }
@misc{ruby:infinity,
    title="{To infinity and beyond --- the quest for SOAP interoperability}",
    author="Sam Ruby",
    year=2002,
    url="http://radio.weblogs.com/0101679/stories/2002/02/01/toInfinityAndBeyondTheQuestForSoapInteroperability.html"
    }    
        
    
@techreport{spec:SOAP1.1,
    title="{SOAP} Version 1.1",
    institution="W3C",
    author="W3C",
    year=2001,
    url="http://www.w3.org/TR/SOAP/",
    note="\href{http://www.w3.org/TR/SOAP/}{http://www.w3.org/TR/SOAP/}"
    }

@techreport{spec:SOAP1.2,
    title="{SOAP} Version 1.2 Part 0: Primer",
    institution="W3C",
    author="W3C",
    year=2002,
    url="http://www.w3.org/TR/soap12-part0/",
    note="\href{http://www.w3.org/TR/soap12-part0/}{http://www.w3.org/TR/soap12-part0/}"
    }

 
@techreport{spec:WSDL1.1,
    title="{Web Services Description Language (WSDL) 1.1}",
    institution="W3C",
    author="W3C",
    year=2002,
    url="http://www.w3.org/TR/wsdl",
    note="\href{http://www.w3.org/TR/wsdl}{http://www.w3.org/TR/wsdl}"
    }



@techreport{spec:WSIF,
    title="Web Services Inspection Language",
    author="Keith Ballinger and others",
    year="2001",
    }
        
@techreport{ietf:rfc2616,
    title="{RFC 2616: Hypertext Transfer Protocol -- HTTP/1.1}",
    author="Fielding, R. and  Gettys, J. and Mogul, J. and Frysyk, H. and Masinter, L. and Leach, P. and Berners-Lee, T.",
    institution="IETF",
    url="http://ietf.org/rfc/rfc2616.txt"
    }    
    

@techreport{ari:xdoclet,
    title="{XDoclet}",
    year="2002",
    author="XDoclet",
    institution="XDoclet",
    note="\href{http://xdoclet.sf.net/}{http://xdoclet.sf.net/}"
    }

@techreport{spec:gxa,
    title="{Global XML Web Services Architecture}",
    institution="Microsoft",
    year=2002,
    author="Microsoft",
    url="http://msdn.microsoft.com/webservices/understanding/gxa/"
    }

    
@manual{spec:JAX-RPC,
    institution="Java Community Process", 
    title="{JAX-RPC} Specification",
    edition="1.0",
    year=2002,
    author="Sun Microsystems",
    note="\href{http://java.sun.com/xml/downloads/jaxrpc.html}{http://java.sun.com/xml/downloads/jaxrpc.html}",
    url="http://java.sun.com/xml/downloads/jaxrpc.html"
    }
    
@misc{winer:xmlrpc,
    title="{XML-RPC}",
    author="Dave Winer",
    year=2000,
    institution="UserLand",
    url="http://www.xmlrpc.com/spec",
    note="\href{http://www.xmlrpc.com/spec}{http://www.xmlrpc.com/spec}"
    }
    
@article{loughran:mir,
    title="Mir: Multicast Endpoint Resolution",
    author="Steve Loughran",
    year="2002"
    }   
    
@manual{apache:axis,
    title="{Apache Axis}",
    year="2001",
    url="http://xml.apache.org/axis/",
    institution="Apache",
    author="Axis"
    }
    
    
@article{parnas:interfaces,
    author="Parnas, D. L.",
    title="Use of Abstract Interfaces in the Development of Software for Embedded Computer Systems",
    year=1974
    }  
@misc{schneier:cryptogram200204,
    url="http://www.counterpane.com/crypto-gram-0006.html#SOAP",
    title="Crypto-gram Newsletter",
    Author="Bruce Schneier",
    year=2002,
    month="June",
    note="\href{http://www.counterpane.com/crypto-gram-0006.html}{http://www.counterpane.com/crypto-gram-0006.html}"
    }
    
   
@techreport{spec:UDDI,
    title="{UDDI}",
    year="2000",
    institution="W3C"
    }      
@unpublished{mrs:email,
    title="private communication",
    author="Mark Syrett",
    year="2001",
    note="email discussion"
    }
    
@manual{app:anthill,
    title="Anthill",
    author="urbancode",
    url="http://urbancode.com/projects/anthill/",
    year="2001"
    }
    
@manual{app:junit,
    title="{JUnit}",
    author="{Object Mentor}",
    url="http://junit.org/",
    year=2001,
    }

@manual{app:nunit,
    title="{NUnit}",
    author="Philip Craig and others",
    url="http://nunit.sourceforge.net/",
    year=2001,
    }
    
@manual{app:nant,
    title="{NAnt}",
    author="NAnt",
    url="http://nant.sourceforge.net/",
    year=2001,
    }
    
@manual{app:xdoclet,
    title="{XDoclet}",
    author="XDoclet",
    url="http://xdoclet.sourceforge.net/",
    year=2001,
    }    
